\bibliographystyle{unsrt} 
@article{Garigliotti:2018:IET,
 author = {Garigliotti, Dar\'{\i}o and Hasibi, Faegheh and Balog, Krisztian},
 title = {Identifying and Exploiting Target Entity Type Information for Ad Hoc Entity Retrieval},
 journal = {Information Retrieval Journal},
 year = {2018},
 month = "Dec",
 day = "05",
 issn = {1573-7659},
 doi = {10.1007/s10791-018-9346-x},
 url = {https://doi.org/10.1007/s10791-018-9346-x}
}
@book{Balog:2018:EOS,
  author    = {Krisztian Balog},
  title     = {Entity-Oriented Search},
  series    = {The Information Retrieval Series},
  volume    = {39},
  publisher = {Springer},
  year      = {2018},
  url       = {https://eos-book.org},
  isbn      = {978-3-319-93933-9},
}
@inproceedings{Pound:2010:AOR:1772690.1772769,
	author = {Pound, Jeffrey and Mika, Peter and Zaragoza, Hugo},
	title = {Ad-hoc Object Retrieval in the Web of Data},
	booktitle = {Proceedings of the 19th International Conference on World Wide Web},
	series = {WWW '10},
	year = {2010},
	pages = {771--780},
	publisher = {ACM},
	address = {New York, NY, USA},
} 
@inproceedings{Garigliotti:2017:TTI:3077136.3080659,
	author = {Garigliotti, Dar\'{\i}o and Hasibi, Faegheh and Balog, Krisztian},
	title = {Target Type Identification for Entity-Bearing Queries},
	booktitle = {Proceedings of the 40th International ACM SIGIR Conference on Research and Development in Information Retrieval},
	series = {SIGIR '17},
	year = {2017},
	location = {Shinjuku, Tokyo, Japan},
	pages = {845--848},
	publisher = {ACM},
	address = {New York, NY, USA},
}
@inproceedings{DargahiNobari:2018:QUV:3269206.3269245,
	author = {Dargahi Nobari, Arash and Askari, Arian and Hasibi, Faegheh and Neshati, Mahmood},
	title = {Query Understanding via Entity Attribute Identification},
	booktitle = {Proceedings of the 27th ACM International Conference on Information and Knowledge Management},
	series = {CIKM '18},
	year = {2018},
	location = {Torino, Italy},
	pages = {1759--1762},
	publisher = {ACM},
	address = {New York, NY, USA},
} 
@article{Balog:2011:QME:2037661.2037667,
	author = {Balog, Krisztian and Bron, Marc and De Rijke, Maarten},
	title = {Query Modeling for Entity Search Based on Terms, Categories, and Examples},
	journal = {ACM Trans. Inf. Syst.},
	issue_date = {December 2011},
	volume = {29},
	number = {4},
	month = dec,
	year = {2011},
	pages = {22:1--22:31},
	publisher = {ACM},
	address = {New York, NY, USA},
} 
@article{Kaptein:2013:ECS:2405838.2405908,
	author = {Kaptein, Rianne and Kamps, Jaap},
	title = {Exploiting the Category Structure of Wikipedia for Entity Ranking},
	journal = {Artif. Intell.},
	issue_date = {January, 2013},
	volume = {194},
	month = jan,
	year = {2013},
	pages = {111--129},
	numpages = {19},
	publisher = {Elsevier Science Publishers Ltd.},
	address = {Essex, UK}
} 
@article{pehcevski2010entity,
	title={Entity ranking in Wikipedia: utilising categories, links and topic difficulty prediction},
	author={Pehcevski, Jovan and Thom, James A and Vercoustre, Anne-Marie and Naumovski, Vladimir},
	journal={Information Retrieval},
	volume={13},
	number={5},
	pages={568--600},
	year={2010},
	publisher={Springer}
}
@inproceedings{zhang2017design,
	title={Design patterns for fusion-based object retrieval},
	author={Zhang, Shuo and Balog, Krisztian},
	booktitle={European Conference on Information Retrieval},
	pages={684--690},
	year={2017},
	organization={Springer}
}
@inproceedings{Mikolov:2013:DRW:2999792.2999959,
	author = {Mikolov, Tomas and Sutskever, Ilya and Chen, Kai and Corrado, Greg and Dean, Jeffrey},
	title = {Distributed Representations of Words and Phrases and Their Compositionality},
	booktitle = {Proceedings of the 26th International Conference on Neural Information Processing Systems - Volume 2},
	year = {2013},
	pages = {3111--3119},
	publisher = {Curran Associates Inc.},
} 
@inproceedings{wang2016combination,
	title={Combination of convolutional and recurrent neural network for sentiment analysis of short texts},
	author={Wang, Xingyou and Jiang, Weijie and Luo, Zhiyong},
	booktitle={Proceedings of COLING 2016, the 26th International Conference on Computational Linguistics: Technical Papers},
	pages={2428--2437},
	year={2016}
}
@inproceedings{Balog:2012:HTT:2396761.2398648,
	author = {Balog, Krisztian and Neumayer, Robert},
	title = {Hierarchical Target Type Identification for Entity-oriented Queries},
	booktitle = {Proceedings of the 21st ACM International Conference on Information and Knowledge Management},
	series = {CIKM '12},
	year = {2012},
	pages = {2391--2394},
	publisher = {ACM},
	address = {New York, NY, USA},
} 
@article{cawley2010over,
	title={On over-fitting in model selection and subsequent selection bias in performance evaluation},
	author={Cawley, Gavin C and Talbot, Nicola LC},
	journal={Journal of Machine Learning Research},
	volume={11},
	number={Jul},
	pages={2079--2107},
	year={2010}
}
@misc{chollet2015keras,
	title={Keras},
	author={Chollet, Fran\c{c}ois and others},
	year={2015},
	howpublished={\url{https://keras.io}},
}
